@misc{izhikevich2023democratizing,
      title={Democratizing LEO Satellite Network Measurement}, 
      author={Liz Izhikevich and Manda Tran and Katherine Izhikevich and Gautam Akiwate and Zakir Durumeric},
      year={2023},
      eprint={2306.07469},
      archivePrefix={arXiv},
      primaryClass={cs.NI}
}