@STRING{acm_imc	= {{\sc{ACM}} {\sc{SIGCOMM}} Conference on Internet Measurement (\sc{IMC})} }
@STRING{acm_j_cs= {{\sc{ACM}} Transactions on Computer Systems} }
@STRING{acm_j_wn= {{\sc{ACM}} Transactions on Wireless Networking} }
@STRING{acm_mobicom={International Conference on Mobile Computing and
		  Networking (MobiCom)} }
@STRING{acm_rsa	= {International Conference on on Random Structures and
		  Algorithms} }
@STRING{acm_sigcomm={{\sc{ACM}} {\sc{SIGCOMM}}} }
@STRING{cc	= {Computer Communications} }
@STRING{ciss	= {Conference on Information Sciences and Systems (\sc{CISS})} }
@STRING{cj	= {Computer Journal} }
@STRING{eai_wicon={{\sc{EAI}} International Wireless Internet Conference (\sc{WICON})} }
@STRING{ewsn	= {European Conference on Wireless Sensor Networks (\sc{EWSN})} }
@STRING{iadis	= {International Conference on Applied Computing (\sc{IADIS})} }
@STRING{ieee_ancs={{\sc*{ACM}}/{\sc{IEEE}} Symposium on Architectures for Networking and
		  Communications Systems} }
@STRING{ieee_dsn= {{\sc*{IEEE}}/{\sc{IFIP}} International Conference on Dependable Systems
		  and Networks} }
@STRING{ieee_globecom={{\sc{IEEE}} Global Telecommunications Conference (Globecom)} }
@STRING{ieee_icc= {{\sc{IEEE}} International Conference on Communications (\sc{ICC})} }
@STRING{ieee_icdcs={{\sc{IEEE}} International Conference on Distributed Computing
		  Systems (\sc{ICDCS})} }
@STRING{ieee_icnp={{\sc{IEEE}} International Conference on Network Protocols
		  (\sc{ICNP})} }
@STRING{ieee_infocom={{\sc{IEEE}} International Conference on Computer
		  Communications (\sc{INFOCOM})} }
@STRING{ieee_j_cn={Journal of Communications and Networks} }
@STRING{ieee_lcn={{\sc{IEEE}} International Conference on Local Computer Networks (\sc{LCN})} }
@STRING{ieee_mascots={{\sc{IEEE}} International Symposium on Modeling, Analysis and
		  Simulation of Computers and Telecommunication Systems
		  (\sc{MASCOTS})} }
@STRING{ieee_nca= {{\sc{IEEE}} Symposium on Network Computing and Applications
		  (\sc{NCA})} }
@STRING{ieee_netcod={{\sc{IEEE}} International Symposium on Network Coding
		  (\sc{}[NetCod])} }
@STRING{ieee_noms={{\sc{IEEE}} Symposium on Network Operations and Management
		  (\sc{NOMS})} }
@STRING{ieee_pimrc={{\sc{IEEE}} International Symposium on Personal Indoor and
		  Mobile Radio Communications (\sc{PIMRC})} }
@STRING{ieee_softcom={{\sc{IEEE}} International Conference on Software,
		  Telecommunications and Computer Networks (\sc{SoftCOM})} }
@STRING{ieee_vtc= {{\sc{IEEE}} Vehicular Technology Conference (\sc{VTC})} }
@STRING{ieee_wcnc={{\sc{IEEE}} Wireless Communications and Networking Conference
		  (\sc{WCNC})} }
@STRING{ieee_winc={{\sc{IEEE}} International Conference on Wireless Network Coding
		  (\sc{WiNC})} }
@STRING{ifip_npc= {{\sc{IFIP}} International Conference on Network and Parallel
		  Computing (\sc{NPC})} }
@STRING{ifip_nw	= {{\sc{IFIP}} International Networking Conference} }
@STRING{ifip_wcitd={{\sc{IFIP}} International Symposium on Wireless Communications
		  and Information Technology in Developing Countries
		  (\sc{WCITD})} }
@STRING{milcom	= {Military Communications Conference (\sc{MILCOM})} }
@STRING{school_mit={Massachusetts Institute of Technology} }
@STRING{school_tum={Technische Universit\"{a}t M\"{u}nchen} }
@STRING{sigcomm_j_ccr={{\sc{ACM}} {\sc{SIGCOMM}} Computation Communication Review} }
@STRING{sigmobile_j_ccr={{\sc{ACM}} {\sc{SIGMOBILE}} Mobile Computing and Communications
		  Review} }
@STRING{sp_j_cs	= {Journal of Computer Science} }
@STRING{usenix_fast={Conference on File and Storage Technologies (\sc{FAST})} }
@STRING{ieee_wts= {{\sc{IEEE}} Wireless Telecommunications Symposium (\sc{WTS})} }


@misc{izhikevich2023democratizing,
      title={Democratizing LEO Satellite Network Measurement}, 
      author={Liz Izhikevich and Manda Tran and Katherine Izhikevich and Gautam Akiwate and Zakir Durumeric},
      year={2023},
      eprint={2306.07469},
      archivePrefix={arXiv},
      primaryClass={cs.NI}
}
@online{llc-application,
  author    = { Space Exploration Technologies Corp. (“SpaceX”)},
  title     = {Starlink Services LLC Application for ETC Designation},
  year      = 2020,
  url       = {https://web.archive.org/web/20220320174537/https://ecfsapi.fcc.gov/file/1020316268311/Starlink%20Services%20LLC%20Application%20for%20ETC%20Designation.pdf},
  urldate   = {2023-09-28}
}