@inproceedings{DBLP:conf/imc/EmmerichGRWC15,
  author    = {Paul Emmerich and
               Sebastian Gallenm{\"{u}}ller and
               Daniel Raumer and
               Florian Wohlfart and
               Georg Carle},
  editor    = {Kenjiro Cho and
               Kensuke Fukuda and
               Vivek S. Pai and
               Neil Spring},
  title     = {MoonGen: {A} Scriptable High-Speed Packet Generator},
  booktitle = {Proceedings of the 2015 {ACM} Internet Measurement Conference, {IMC}
               2015, Tokyo, Japan, October 28-30, 2015},
  pages     = {275--287},
  publisher = {{ACM}},
  year      = {2015},
  url       = {https://doi.org/10.1145/2815675.2815692},
  doi       = {10.1145/2815675.2815692},
  timestamp = {Sun, 25 Oct 2020 22:44:39 +0100},
  biburl    = {https://dblp.org/rec/conf/imc/EmmerichGRWC15.bib},
  bibsource = {dblp computer science bibliography, https://dblp.org}
}
